<?xml version="1.0" encoding="UTF-8"?><collection xmlns="http://www.loc.gov/MARC21/slim"><record><leader>00320nam--2200133-i-4500</leader><controlfield tag="001">000046774</controlfield><controlfield tag="002">20161230</controlfield><controlfield tag="005">20161230201046</controlfield><controlfield tag="008">060222s1000------------r-----000-0-eng-d</controlfield><datafield ind1=" " ind2=" " tag="080"><subfield code="a">666.1:548</subfield></datafield><datafield ind1=" " ind2=" " tag="100"><subfield code="a">Vogel,Werner</subfield></datafield><datafield ind1=" " ind2=" " tag="245"><subfield code="a">Structure and crystallization of glasses</subfield></datafield><datafield ind1=" " ind2=" " tag="260"><subfield code="a">Leipzig, 1971. 246 P</subfield></datafield><datafield ind1=" " ind2=" " tag="852"><subfield code="a">41993</subfield></datafield></record></collection>